<?xml version="1.0" encoding="UTF-8"?><collection><record><leader>05872ntm a2200601 a 4500</leader><controlfield tag="001">006832850</controlfield><controlfield tag="003">MiAaHDL</controlfield><controlfield tag="005">20190719000000.0</controlfield><controlfield tag="006">m        d        </controlfield><controlfield tag="007">cr bn ---auaua</controlfield><controlfield tag="008">090629s1877    ua            00| ||ara d</controlfield><datafield tag="035" ind1=" " ind2=" "><subfield code="a">(MiU)006832850</subfield></datafield><datafield tag="035" ind1=" " ind2=" "><subfield code="a">sdr-miu006832850</subfield></datafield><datafield tag="040" ind1=" " ind2=" "><subfield code="a">MiU</subfield><subfield code="c">MiU</subfield><subfield code="e">amremm</subfield></datafield><datafield tag="043" ind1=" " ind2=" "><subfield code="a">n-us-mi</subfield></datafield><datafield tag="100" ind1="0" ind2=" "><subfield code="6">880-01</subfield><subfield code="a">Ghazzālī,</subfield><subfield code="d">1035-1111.</subfield></datafield><datafield tag="240" ind1="1" ind2="0"><subfield code="6">880-02</subfield><subfield code="a">Fayṣal al-tafriqah bayna al-Islām wa-al-zandaqah</subfield></datafield><datafield tag="245" ind1="1" ind2="0"><subfield code="6">880-03</subfield><subfield code="a">Hādhā Kitāb Fayṣal al-tafriqah bayna al-Islām wa-al-zandaqah,</subfield><subfield code="f">[1294, i.e. 1877].</subfield></datafield><datafield tag="246" ind1="3" ind2="4"><subfield code="a">فيصل التفرقة</subfield></datafield><datafield tag="260" ind1=" " ind2=" "><subfield code="a">[Cairo?,</subfield><subfield code="c">1877].</subfield></datafield><datafield tag="300" ind1=" " ind2=" "><subfield code="a">30 leaves :</subfield><subfield code="b">paper ;</subfield><subfield code="c">252 x 174 (160 x 90) mm. bound to 257 x 178 mm.</subfield></datafield><datafield tag="500" ind1=" " ind2=" "><subfield code="a">Shelfmark: Ann Arbor, University of Michigan, Special Collections Library, Isl. Ms. 961</subfield></datafield><datafield tag="500" ind1=" " ind2=" "><subfield code="a">Origin: As appears in colophon on p.62, copied by Muṣṭafá Ibrāhīm, khādim al-Ustādh al-Khalwatī, from a copy held in the Khedival Library (al-Kutubkhānah al-Khidīwīyah / الكتبخانة الخديوية ) in Darb al-Jamāmīz palace ( سراى درب الجماميز ) with transcription completed 23 Shaʻbān 1294 [ca. 2 September 1877].</subfield></datafield><datafield tag="500" ind1=" " ind2=" "><subfield code="a">Former shelfmark: Mich. Isl. Ms. temp. no. 110</subfield></datafield><datafield tag="500" ind1=" " ind2=" "><subfield code="a">Binding: Boards covered in black cloth ; Western style binding ; pastedowns and flyleaves printed in a geometric design resembling a scale pattern in dark maroon ; cover gold stamped "فيصل التفرقة" ; pulled by conservation such that cover / case and sewing threads are housed in one envelope and text pages in two others (five leaves per slide / folder, three slides per envelope) with all envelopes in one larger envelope.</subfield></datafield><datafield tag="500" ind1=" " ind2=" "><subfield code="a">Support: Brown machine wove paper, extremely brittle.</subfield></datafield><datafield tag="500" ind1=" " ind2=" "><subfield code="a">Decoration: Keywords rubricated.</subfield></datafield><datafield tag="500" ind1=" " ind2=" "><subfield code="a">Script: Naskh ; elegant Ottoman hand in a medium line ; mainly serifless with effect of tilt to the left, curvilinear descenders, pointing in distinct dots, final yāʼ often unpointed.</subfield></datafield><datafield tag="500" ind1=" " ind2=" "><subfield code="a">Layout: Written in 17 lines per page ; frame-ruled.</subfield></datafield><datafield tag="500" ind1=" " ind2=" "><subfield code="a">Collation: i, 3 V(30), i (originally), exclusively quinions ; now pulled / disbound with conjugate leaves divided ; catchwords present ; pagination in pencil, Western numerals, supplied during digitization (includes front flyleaf).</subfield></datafield><datafield tag="500" ind1=" " ind2=" "><subfield code="a">Colophon: "Scribal," reads "وكان الفراغ من كتابة هذه النسخة النفيسة يوم السبت الموافق ثلاثة وعشرون من [شعبان] سنة اربعة وتسعون ومائتان [كذا] بعد الالف من هجرة سيد المرسلين على يد كاتبها الفقير مصطفى ابراهيم خادم الاستاذ الخلوتي واغفر اللهم لكاتبها ولقارئها ولسامعها ولكافة المسلمين اجمعين امين وهذه النسخة منقولة من نخسة موجودة بالكتبخانة الخديوية بمصر المحروسة بسراى درب الجماميز"</subfield></datafield><datafield tag="500" ind1=" " ind2=" "><subfield code="a">Explicit: "وعلى القانون الذي ينبغي ان يتبع فيها فاقنع به والسلام"</subfield></datafield><datafield tag="500" ind1=" " ind2=" "><subfield code="a">Incipit: "قال الامام ابو حامد محمد بن محمد بن محمد الغزالي رحمه الله احمد الله تعالى استسلاما لعزته واستتماما لنعمته واستغناما ما لتوفيقه وطاعته ... اما بعد فاني رأيتك ايها الاخ الشفيق والصديق المتعصب موعور الصدر منقسم الفكر لما قرع سمعك من طائفة من الحسدة على بعض كتبنا المصنفة في اسرار معاملات الدين وزعمهم ..."</subfield></datafield><datafield tag="500" ind1=" " ind2=" "><subfield code="a">Title supplied by cataloguer.</subfield></datafield><datafield tag="500" ind1=" " ind2=" "><subfield code="a">Ms. codex.</subfield></datafield><datafield tag="510" ind1="4" ind2=" "><subfield code="a">Jong, F. de. Ṭuruq and Ṭuruq-linked institutions in Nineteenth century Egypt: a historical study in organizational dimensions of Islamic mysticism. Leiden, 1978.</subfield></datafield><datafield tag="510" ind1="4" ind2=" "><subfield code="a">Watt, W. Montgomery. "al-G̲H̲azālī, Abū Ḥāmid Muḥammad b. Muḥammad al-Ṭūsī." In EI2,</subfield><subfield code="c">vol.II, p.1038, col. 2</subfield></datafield><datafield tag="510" ind1="4" ind2=" "><subfield code="a">Brockelmann, C. GAL,</subfield><subfield code="c">I 421</subfield></datafield><datafield tag="520" ind1="8" ind2=" "><subfield code="a">Fine copy of al-Ghazālī's (d.1111) concise treatise of dogmatic theology, partly directed against the Bāṭinīyah (i.e. the Ismāʻīlīs), but primarily a defense of his own views on taʼwīl, and on tawātur and ijmāʻ as sources of religious knowledge (see Watt, "al-G̲H̲azālī" in EI2).</subfield></datafield><datafield tag="538" ind1=" " ind2=" "><subfield code="a">Mode of access: Internet.</subfield></datafield><datafield tag="541" ind1=" " ind2=" "><subfield code="a">Acquired in the Fall of 1950.</subfield></datafield><datafield tag="546" ind1=" " ind2=" "><subfield code="a">Arabic.</subfield></datafield><datafield tag="561" ind1=" " ind2=" "><subfield code="a">On upper pastedown label with ex libris of James Heyworth-Dunne (d.1974), stamped with inventory numbers, "Ex Libris | J. Heyworth-Dunne | D. Lit. (London) | No. 7793" ; on incipit page (p.4) oval waqf seal impression in red ink with inscription "وقف لله تعالى ومقره بيت السجادة البكرية" in name of Bayt al-Sajjādah al-Bakrīyah (بيت السجادة البكرية) ; UM Library inscription on p.7 "Dunning | Heyworth-Dunne | 6-13-51 | 71955" ; occasional marginal correction.</subfield></datafield><datafield tag="650" ind1=" " ind2="0"><subfield code="a">Manuscripts, Arabic</subfield><subfield code="z">Michigan</subfield><subfield code="z">Ann Arbor.</subfield></datafield><datafield tag="650" ind1=" " ind2="0"><subfield code="a">Ismailites</subfield><subfield code="v">Early works to 1800.</subfield></datafield><datafield tag="650" ind1=" " ind2="0"><subfield code="a">Islam</subfield><subfield code="x">Doctrines</subfield><subfield code="v">Early works to 1800.</subfield></datafield><datafield tag="700" ind1="1" ind2=" "><subfield code="a">Heyworth-Dunne, J.</subfield><subfield code="q">(James),</subfield><subfield code="e">former owner.</subfield></datafield><datafield tag="700" ind1="0" ind2=" "><subfield code="6">880-05</subfield><subfield code="a">Muṣṭafá Ibrāhīm,</subfield><subfield code="d">fl. 1877,</subfield><subfield code="e">scribe.</subfield></datafield><datafield tag="773" ind1="0" ind2=" "><subfield code="a">Heyworth-Dunne Collection.</subfield></datafield><datafield tag="880" ind1="0" ind2=" "><subfield code="6">700-05/</subfield><subfield code="a">مصطفى ابراهيم،</subfield><subfield code="e">ناسخ.</subfield></datafield><datafield tag="880" ind1="1" ind2="0"><subfield code="6">245-03/</subfield><subfield code="a">هذا كتاب فيصل التفرقة بين الاسلام والزندقة,</subfield><subfield code="f">[1294ه، 1877م].</subfield></datafield><datafield tag="880" ind1="1" ind2="0"><subfield code="6">240-02/</subfield><subfield code="a">فيصل التفرقة بين الاسلام والزندقة</subfield></datafield><datafield tag="880" ind1="0" ind2=" "><subfield code="6">100-01/</subfield><subfield code="a">غزالي.</subfield></datafield><datafield tag="CID" ind1=" " ind2=" "><subfield code="a">006832850</subfield></datafield><datafield tag="DAT" ind1="0" ind2=" "><subfield code="a">20190719102640.0</subfield><subfield code="b">20190719000000.0</subfield></datafield><datafield tag="DAT" ind1="1" ind2=" "><subfield code="a">20190719090653.0</subfield><subfield code="b">2019-07-19T16:12:23Z</subfield></datafield><datafield tag="DAT" ind1="2" ind2=" "><subfield code="a">2015-10-02T18:00:03Z</subfield></datafield><datafield tag="CAT" ind1=" " ind2=" "><subfield code="a">SDR-MIU</subfield><subfield code="d">EX LIBRIS - ALEPH</subfield><subfield code="l">prepare.pl-004-008</subfield></datafield><datafield tag="FMT" ind1=" " ind2=" "><subfield code="a">BK</subfield></datafield><datafield tag="HOL" ind1=" " ind2=" "><subfield code="0">sdr-miu006832850</subfield><subfield code="a">MiU</subfield><subfield code="b">SDR</subfield><subfield code="c">MIU</subfield><subfield code="p">mdp.39015079131424</subfield><subfield code="s">MIU</subfield><subfield code="1">006832850</subfield></datafield><datafield tag="974" ind1=" " ind2=" "><subfield code="b">MIU</subfield><subfield code="c">MIU</subfield><subfield code="d">20190719</subfield><subfield code="s">lit-dlps-dc</subfield><subfield code="u">mdp.39015079131424</subfield><subfield code="y">1877</subfield><subfield code="r">pd</subfield><subfield code="q">exp</subfield></datafield></record></collection>